<?xml version="1.0" encoding="UTF-8"?><collection xmlns="http://www.loc.gov/MARC21/slim"><record><leader>00398nam--2200133-i-4500</leader><controlfield tag="001">000038724</controlfield><controlfield tag="002">20161230</controlfield><controlfield tag="005">20161230201041</controlfield><controlfield tag="008">060222s1000------------r-----000-0-eng-d</controlfield><datafield ind1=" " ind2=" " tag="080"><subfield code="a">621.039.512</subfield></datafield><datafield ind1=" " ind2=" " tag="100"><subfield code="a">Ribaric, Marjan</subfield></datafield><datafield ind1=" " ind2=" " tag="245"><subfield code="a">Functional-analytic concepts and structures of neutron. transport theory</subfield></datafield><datafield ind1=" " ind2=" " tag="260"><subfield code="a">Ljubljana, The Slovenc Acad.Of Sciences And Arts, 1973. 662 P</subfield></datafield><datafield ind1=" " ind2=" " tag="852"><subfield code="a">39067</subfield></datafield></record></collection>